{"btc_usd":[{"type":"ask","price":22800.9,"amount":0.0017641,"tid":205313017,"timestamp":1658146355},{"type":"ask","price":22800.9,"amount":0.00027659,"tid":205313016,"timestamp":1658145691},{"type":"ask","price":22800.9,"amount":0.00049417,"tid":205313015,"timestamp":1658145654},{"type":"ask","price":22800.9,"amount":0.0015,"tid":205313014,"timestamp":1658145651},{"type":"ask","price":22800.9,"amount":0.00638113,"tid":205313013,"timestamp":1658145603},{"type":"ask","price":22800.9,"amount":0.0015,"tid":205313012,"timestamp":1658145591},{"type":"bid","price":22800.89999,"amount":0.00116109,"tid":205313011,"timestamp":1658145564},{"type":"bid","price":22800.8,"amount":0.0015,"tid":205313010,"timestamp":1658145564},{"type":"ask","price":22509.10002669,"amount":0.001,"tid":205313009,"timestamp":1658145518},{"type":"ask","price":22654.25950001,"amount":0.00048142,"tid":205313008,"timestamp":1658144702},{"type":"bid","price":22800.9,"amount":0.00022341,"tid":205313007,"timestamp":1658144130},{"type":"ask","price":22800.00010015,"amount":0.0015,"tid":205313006,"timestamp":1658144057},{"type":"bid","price":22800.00010015,"amount":0.00084106,"tid":205313005,"timestamp":1658144051},{"type":"bid","price":22800.00010015,"amount":0.00115894,"tid":205313004,"timestamp":1658144050},{"type":"bid","price":22799.99999999,"amount":0.00010587,"tid":205313003,"timestamp":1658144050},{"type":"bid","price":22799.9999,"amount":0.0001,"tid":205313002,"timestamp":1658144050},{"type":"bid","price":22777.77777777,"amount":0.00017455,"tid":205313001,"timestamp":1658144050},{"type":"bid","price":22777.3,"amount":0.0015,"tid":205313000,"timestamp":1658144050},{"type":"bid","price":22777.29999,"amount":0.00741582,"tid":205312999,"timestamp":1658144050},{"type":"bid","price":22745.23570712,"amount":0.00000001,"tid":205312998,"timestamp":1658144050},{"type":"bid","price":22745.23570712,"amount":0.00015165,"tid":205312997,"timestamp":1658144050},{"type":"bid","price":22677,"amount":0.00000204,"tid":205312996,"timestamp":1658144049},{"type":"bid","price":22600,"amount":0.00003374,"tid":205312995,"timestamp":1658144049},{"type":"bid","price":22600,"amount":0.00080985,"tid":205312994,"timestamp":1658144022},{"type":"bid","price":22600,"amount":0.00015872,"tid":205312993,"timestamp":1658143848},{"type":"bid","price":22600,"amount":0.00044741,"tid":205312992,"timestamp":1658143846},{"type":"bid","price":22600,"amount":0.00011653,"tid":205312991,"timestamp":1658143837},{"type":"bid","price":22600,"amount":0.00011676,"tid":205312990,"timestamp":1658143837},{"type":"bid","price":22600,"amount":0.00011676,"tid":205312989,"timestamp":1658143834},{"type":"bid","price":22600,"amount":0.00024426,"tid":205312988,"timestamp":1658143831},{"type":"bid","price":22600,"amount":0.00045349,"tid":205312987,"timestamp":1658143819},{"type":"bid","price":22600,"amount":0.0015,"tid":205312986,"timestamp":1658143749},{"type":"bid","price":22600,"amount":0.00047248,"tid":205312985,"timestamp":1658143724},{"type":"bid","price":22586.5,"amount":0.00000754,"tid":205312984,"timestamp":1658142527},{"type":"bid","price":22586.5,"amount":0.00013612,"tid":205312983,"timestamp":1658142514},{"type":"bid","price":22586.5,"amount":0.00084177,"tid":205312982,"timestamp":1658142499},{"type":"ask","price":22586.5,"amount":0.0015,"tid":205312981,"timestamp":1658142498},{"type":"bid","price":22676.99999999,"amount":0.00013558,"tid":205312980,"timestamp":1658142418},{"type":"bid","price":22677,"amount":0.00101513,"tid":205312979,"timestamp":1658140381},{"type":"bid","price":22660,"amount":0.00040726,"tid":205312978,"timestamp":1658139859},{"type":"ask","price":22586.47353388,"amount":0.00014047,"tid":205312977,"timestamp":1658139812},{"type":"ask","price":22586.47306388,"amount":0.00031275,"tid":205312976,"timestamp":1658139266},{"type":"ask","price":22586.47306388,"amount":0.00050563,"tid":205312975,"timestamp":1658139051},{"type":"ask","price":22660,"amount":0.00408126,"tid":205312974,"timestamp":1658138877},{"type":"ask","price":22660,"amount":0.00237243,"tid":205312973,"timestamp":1658138877},{"type":"ask","price":22660,"amount":0.00237243,"tid":205312972,"timestamp":1658138859},{"type":"ask","price":22660,"amount":0.00021927,"tid":205312971,"timestamp":1658137443},{"type":"ask","price":22660,"amount":0.00021927,"tid":205312970,"timestamp":1658137436},{"type":"ask","price":22660,"amount":0.00021927,"tid":205312969,"timestamp":1658137430},{"type":"ask","price":22660,"amount":0.00021927,"tid":205312968,"timestamp":1658137423},{"type":"ask","price":22660,"amount":0.00021927,"tid":205312967,"timestamp":1658137416},{"type":"ask","price":22660,"amount":0.00021927,"tid":205312966,"timestamp":1658137409},{"type":"bid","price":22677,"amount":0.00370236,"tid":205312965,"timestamp":1658136384},{"type":"ask","price":22600,"amount":0.00026863,"tid":205312964,"timestamp":1658136379},{"type":"bid","price":22677,"amount":0.00013108,"tid":205312963,"timestamp":1658135741},{"type":"bid","price":22677,"amount":0.00010915,"tid":205312962,"timestamp":1658135298},{"type":"bid","price":22677,"amount":0.00012979,"tid":205312961,"timestamp":1658135292},{"type":"bid","price":22677,"amount":0.00047888,"tid":205312960,"timestamp":1658135262},{"type":"ask","price":22677,"amount":0.00875206,"tid":205312959,"timestamp":1658135249},{"type":"bid","price":22777.777,"amount":0.00043814,"tid":205312958,"timestamp":1658135215},{"type":"bid","price":22777.7777,"amount":0.01,"tid":205312957,"timestamp":1658134069},{"type":"ask","price":22677,"amount":0.00124794,"tid":205312956,"timestamp":1658133569},{"type":"ask","price":22755.77777777,"amount":0.00847926,"tid":205312955,"timestamp":1658133565},{"type":"ask","price":22755.77777777,"amount":0.0001,"tid":205312954,"timestamp":1658133203},{"type":"bid","price":22777.77777777,"amount":0.00002545,"tid":205312953,"timestamp":1658133118},{"type":"bid","price":22777.77777777,"amount":0.00034697,"tid":205312952,"timestamp":1658133118},{"type":"bid","price":22777.77777777,"amount":0.00002675,"tid":205312951,"timestamp":1658133118},{"type":"bid","price":22777.77777777,"amount":0.00039917,"tid":205312950,"timestamp":1658133116},{"type":"ask","price":22755.77777777,"amount":0.00040116,"tid":205312949,"timestamp":1658133115},{"type":"ask","price":22755.77777777,"amount":0.00040116,"tid":205312948,"timestamp":1658133112},{"type":"bid","price":22777.77777777,"amount":0.00039917,"tid":205312947,"timestamp":1658133110},{"type":"ask","price":22755.77777777,"amount":0.00040116,"tid":205312946,"timestamp":1658133107},{"type":"bid","price":22777.77777777,"amount":0.00039917,"tid":205312945,"timestamp":1658133097},{"type":"bid","price":22777.77777777,"amount":0.00039917,"tid":205312944,"timestamp":1658133096},{"type":"ask","price":22755.77777777,"amount":0.00040116,"tid":205312943,"timestamp":1658133094},{"type":"ask","price":22755.77777777,"amount":0.00040116,"tid":205312942,"timestamp":1658133091},{"type":"bid","price":22777.77777777,"amount":0.00039917,"tid":205312941,"timestamp":1658133089},{"type":"ask","price":22755.77777777,"amount":0.00040116,"tid":205312940,"timestamp":1658133086},{"type":"bid","price":22777.77777777,"amount":0.00345508,"tid":205312939,"timestamp":1658132923},{"type":"bid","price":22777.77745777,"amount":0.00152826,"tid":205312938,"timestamp":1658132923},{"type":"bid","price":22777.77745777,"amount":0.00501666,"tid":205312937,"timestamp":1658132923},{"type":"bid","price":22777.77745777,"amount":0.00580974,"tid":205312936,"timestamp":1658132903},{"type":"bid","price":22777.77744777,"amount":0.00419026,"tid":205312935,"timestamp":1658132903},{"type":"bid","price":22777.77746777,"amount":0.01,"tid":205312934,"timestamp":1658132891},{"type":"bid","price":22777.77748777,"amount":0.01,"tid":205312933,"timestamp":1658132879},{"type":"bid","price":22777.77777777,"amount":0.02078,"tid":205312932,"timestamp":1658132638},{"type":"bid","price":22777.77777777,"amount":0.0332,"tid":205312931,"timestamp":1658132581},{"type":"bid","price":22777.77777777,"amount":0.0332,"tid":205312930,"timestamp":1658132580},{"type":"bid","price":22777.77777777,"amount":0.00225194,"tid":205312929,"timestamp":1658132562},{"type":"bid","price":22777.77777777,"amount":0.00035038,"tid":205312928,"timestamp":1658132562},{"type":"bid","price":22777.777,"amount":0.0001,"tid":205312927,"timestamp":1658132562},{"type":"bid","price":22775,"amount":0.01219035,"tid":205312926,"timestamp":1658132558},{"type":"bid","price":22774.99999999,"amount":0.00022679,"tid":205312925,"timestamp":1658132558},{"type":"bid","price":22757.95483168,"amount":0.00477574,"tid":205312924,"timestamp":1658131744},{"type":"ask","price":22508.00006,"amount":0.00035,"tid":205312923,"timestamp":1658130905},{"type":"ask","price":22507.4,"amount":0.00055309,"tid":205312922,"timestamp":1658130521},{"type":"bid","price":22756.29993,"amount":0.00119958,"tid":205312921,"timestamp":1658130492},{"type":"bid","price":22638.3620095,"amount":0.0001532,"tid":205312920,"timestamp":1658130492},{"type":"bid","price":22570.44692348,"amount":0.00008891,"tid":205312919,"timestamp":1658130492},{"type":"bid","price":22570.44692348,"amount":0.00042026,"tid":205312918,"timestamp":1658130332},{"type":"ask","price":22506.40001,"amount":0.01120155,"tid":205312917,"timestamp":1658129980},{"type":"bid","price":22757.2,"amount":0.00023818,"tid":205312916,"timestamp":1658129980},{"type":"bid","price":22730.15592545,"amount":0.00000749,"tid":205312915,"timestamp":1658129980},{"type":"bid","price":22730.15592545,"amount":0.00015827,"tid":205312914,"timestamp":1658129899},{"type":"bid","price":22661.96545768,"amount":0.00000001,"tid":205312913,"timestamp":1658129899},{"type":"ask","price":22600.10001,"amount":0.00037692,"tid":205312912,"timestamp":1658129756},{"type":"ask","price":22600.2,"amount":0.00106308,"tid":205312911,"timestamp":1658129756},{"type":"ask","price":22600.2,"amount":0.00043692,"tid":205312910,"timestamp":1658129754},{"type":"bid","price":22661.96545768,"amount":0.00337794,"tid":205312909,"timestamp":1658129281},{"type":"bid","price":22661.96538768,"amount":0.00400303,"tid":205312908,"timestamp":1658129281},{"type":"ask","price":22630,"amount":0.00045082,"tid":205312907,"timestamp":1658129093},{"type":"ask","price":22630,"amount":0.0001,"tid":205312906,"timestamp":1658129067},{"type":"ask","price":22630,"amount":0.00310658,"tid":205312905,"timestamp":1658128933},{"type":"ask","price":22600,"amount":0.0005,"tid":205312904,"timestamp":1658128833},{"type":"ask","price":22504.50009,"amount":0.00098556,"tid":205312903,"timestamp":1658128573},{"type":"bid","price":22757.95483168,"amount":0.00100083,"tid":205312902,"timestamp":1658128367},{"type":"bid","price":22757.95483168,"amount":0.00200233,"tid":205312901,"timestamp":1658128308},{"type":"bid","price":22757.95483168,"amount":0.00010006,"tid":205312900,"timestamp":1658128273},{"type":"bid","price":22757.95483168,"amount":0.00031332,"tid":205312899,"timestamp":1658128252},{"type":"bid","price":22757.95483168,"amount":0.00106519,"tid":205312898,"timestamp":1658128251},{"type":"bid","price":22757.95483168,"amount":0.00015938,"tid":205312897,"timestamp":1658128251},{"type":"bid","price":22757.95483168,"amount":0.00015029,"tid":205312896,"timestamp":1658128251},{"type":"bid","price":22757.95483168,"amount":0.00110361,"tid":205312895,"timestamp":1658128251},{"type":"bid","price":22741.7002103,"amount":0.00104077,"tid":205312894,"timestamp":1658128250},{"type":"bid","price":22741.7002103,"amount":0.0000236,"tid":205312893,"timestamp":1658128250},{"type":"bid","price":22741.70021029,"amount":0.00272088,"tid":205312892,"timestamp":1658128250},{"type":"bid","price":22741.7002103,"amount":0.00015966,"tid":205312891,"timestamp":1658128153},{"type":"bid","price":22741.7002103,"amount":0.00005729,"tid":205312890,"timestamp":1658128146},{"type":"bid","price":22699.9999,"amount":0.0001,"tid":205312889,"timestamp":1658128146},{"type":"ask","price":22640,"amount":0.00010148,"tid":205312888,"timestamp":1658126476},{"type":"ask","price":22640,"amount":0.00041324,"tid":205312887,"timestamp":1658126475},{"type":"ask","price":22640,"amount":0.0001591,"tid":205312886,"timestamp":1658126468},{"type":"ask","price":22640,"amount":0.00030156,"tid":205312885,"timestamp":1658126464},{"type":"ask","price":22640,"amount":0.00038683,"tid":205312884,"timestamp":1658126454},{"type":"bid","price":22699.99989,"amount":0.00086,"tid":205312883,"timestamp":1658126453},{"type":"bid","price":22699.99989,"amount":0.00607571,"tid":205312882,"timestamp":1658126450},{"type":"bid","price":22650.00733375,"amount":0.0001,"tid":205312881,"timestamp":1658126450},{"type":"bid","price":22644,"amount":0.00044555,"tid":205312880,"timestamp":1658126450},{"type":"bid","price":22638.7002103,"amount":0.00135809,"tid":205312879,"timestamp":1658126420},{"type":"bid","price":22628.1,"amount":0.00073856,"tid":205312878,"timestamp":1658126366},{"type":"bid","price":22628.1,"amount":0.0016,"tid":205312877,"timestamp":1658126291},{"type":"bid","price":22628.1,"amount":0.0016,"tid":205312876,"timestamp":1658126290},{"type":"bid","price":22628.1,"amount":0.0016,"tid":205312875,"timestamp":1658126282},{"type":"bid","price":22628.1,"amount":0.0033,"tid":205312874,"timestamp":1658126281},{"type":"ask","price":22628.09990001,"amount":0.00023,"tid":205312873,"timestamp":1658126201},{"type":"bid","price":22628.09995,"amount":0.00434482,"tid":205312872,"timestamp":1658126134},{"type":"bid","price":22600,"amount":0.0005,"tid":205312871,"timestamp":1658126134},{"type":"bid","price":22600,"amount":0.0001,"tid":205312870,"timestamp":1658126134},{"type":"bid","price":22599.99999999,"amount":0.000155,"tid":205312869,"timestamp":1658126134},{"type":"bid","price":22599.9999,"amount":0.0001,"tid":205312868,"timestamp":1658126134}]}